Untuk setiap referensi, baris pertama (newton1687) merupakan label dan baris-baris berikutnya
merupakan atribut dari referensi yang akan digunakan. Umumnya, format referensi berikut sudah
disediakan oleh penyedia sumber referensi secara online dan bisa langsung ditaruh di sini.

Lihat https://www.bibtex.com/g/bibtex-format/ untuk informasi lebih lanjut mengenai format
BibTex yang digunakan pada file ini.

@phdthesis{1,
  title  = {Kajian Faktor-Faktor Risiko yang Berhubungan dengan Kelelahan Pengemudi Truk Trailer Di PT AMI Tahun 2012},
  author = {Kristanto, Aris},
  year   = {2013},
  school = {Tesis}
}

@article{2,
  title     = {An overview of sleepiness and accidents},
  author    = {Dinges, David F},
  journal   = {Journal of sleep research},
  volume    = {4},
  pages     = {4--14},
  year      = {1995},
  publisher = {Wiley Online Library}
}

@inproceedings{3,
  title     = {Ruang Kuliah Pintar Pemantau Tingkat Efektivitas Pembelajaran Yang Dapat Mendeteksi Mahasiswa Bosan Dan Mengantuk},
  author    = {Dedy Irawan, Joseph and Handoko, Fourry and Adriantatri, Emmalia},
  booktitle = {Seminar Nasional Inovasi dan Aplikasi Teknologi di Industri},
  year      = {2019}
}

@article{4,
  title     = {Analyzing driver drowsiness: From causes to effects},
  author    = {Soares, S{\'o}nia and Monteiro, Tiago and Lobo, Ant{\'o}nio and Couto, Ant{\'o}nio and Cunha, Liliana and Ferreira, Sara},
  journal   = {Sustainability},
  volume    = {12},
  number    = {5},
  pages     = {1971},
  year      = {2020},
  publisher = {MDPI}
}

@article{5,
  title     = {A survey on deep learning: Algorithms, techniques, and applications},
  author    = {Pouyanfar, Samira and Sadiq, Saad and Yan, Yilin and Tian, Haiman and Tao, Yudong and Reyes, Maria Presa and Shyu, Mei-Ling and Chen, Shu-Ching and Iyengar, Sundaraja S},
  journal   = {ACM Computing Surveys (CSUR)},
  volume    = {51},
  number    = {5},
  pages     = {1--36},
  year      = {2018},
  publisher = {ACM New York, NY, USA}
}

@article{6,
  title     = {Deep learning applications and challenges in big data analytics},
  author    = {Najafabadi, Maryam M and Villanustre, Flavio and Khoshgoftaar, Taghi M and Seliya, Naeem and Wald, Randall and Muharemagic, Edin},
  journal   = {Journal of big data},
  volume    = {2},
  number    = {1},
  pages     = {1--21},
  year      = {2015},
  publisher = {Springer}
}

@article{7,
  title     = {Imagenet classification with deep convolutional neural networks},
  author    = {Krizhevsky, Alex and Sutskever, Ilya and Hinton, Geoffrey E},
  journal   = {Communications of the ACM},
  volume    = {60},
  number    = {6},
  pages     = {84--90},
  year      = {2017},
  publisher = {AcM New York, NY, USA}
}

@inproceedings{8,
  title     = {Independently recurrent neural network (indrnn): Building a longer and deeper rnn},
  author    = {Li, Shuai and Li, Wanqing and Cook, Chris and Zhu, Ce and Gao, Yanbo},
  booktitle = {Proceedings of the IEEE conference on computer vision and pattern recognition},
  pages     = {5457--5466},
  year      = {2018}
}

@article{9,
  title   = {Pengembangan Sistem Deteksi Kantuk Menggunakan Pengklasifikasi Random Forest pada Sinyal Elektrokardiogram},
  author  = {Nisak, Khoirun and Sutomo, Artono Dwijo and others},
  journal = {Jurnal Nasional Teknik Elektro dan Teknologi Informasi},
  volume  = {10},
  number  = {3},
  pages   = {265--271},
  year    = {2021}
}

@inproceedings{10,
  title  = {Deteksi Kantuk Berdasarkan Pola Bukaan Mulut Menggunakan Metode 1D CNN},
  author = {Victorio Valendion},
  publisher = {Institut Teknologi Sepuluh Nopember},
  year   = {2022}
}

@inproceedings{11,
  title     = {Klasifikasi Skala Kantuk Karolinska Berdasarkan Nilai Eye Aspect Ratio Menggunakan Deep Learning},
  author    = {Annida Miftakhul Farodisa},
  publisher = {Institut Teknologi Sepuluh Nopember},
  year      = {2022}
}

@article{12,
  title     = {Deteksi Kantuk Pada Pengendara Roda Empat Melalui Citra Wajah Menggunakan Metode Facial Landmark},
  author    = {Maulana, Muhammad Akbar},
  year      = {2022},
  publisher = {Universitas Islam Indonesia}
}

@inproceedings{13,
  title={One millisecond face alignment with an ensemble of regression trees},
  author={Kazemi, Vahid and Sullivan, Josephine},
  booktitle={Proceedings of the IEEE conference on computer vision and pattern recognition},
  pages={1867--1874},
  year={2014}
}

@inproceedings{14,
  title={A realistic dataset and baseline temporal model for early drowsiness detection},
  author={Ghoddoosian, Reza and Galib, Marnim and Athitsos, Vassilis},
  booktitle={Proceedings of the IEEE/CVF Conference on Computer Vision and Pattern Recognition Workshops},
  pages={0--0},
  year={2019}
}

@article{15,
  title={Robust real-time face detection},
  author={Viola, Paul and Jones, Michael J},
  journal={International journal of computer vision},
  volume={57},
  number={2},
  pages={137--154},
  year={2004},
  publisher={Springer}
}

@inproceedings{16,
  title={Embedded system for eye blink detection using machine learning technique},
  author={Ibrahim, Bishar R and Khalifa, Farhad M and Zeebaree, Subhi RM and Othman, Nashwan A and Alkhayyat, Ahmed and Zebari, Rizgar R and Sadeeq, Mohammed AM},
  booktitle={2021 1st Babylon International Conference on Information Technology and Science (BICITS)},
  pages={58--62},
  year={2021},
  organization={IEEE}
}

@article{17,
  title={The accuracy of eyelid movement parameters for drowsiness detection},
  author={Wilkinson, Vanessa E and Jackson, Melinda L and Westlake, Justine and Stevens, Bronwyn and Barnes, Maree and Swann, Philip and Rajaratnam, Shantha MW and Howard, Mark E},
  journal={Journal of clinical sleep medicine},
  volume={9},
  number={12},
  pages={1315--1324},
  year={2013},
  publisher={American Academy of Sleep Medicine}
}

@article{18,
  title={Deep learning},
  author={LeCun, Yann and Bengio, Yoshua and Hinton, Geoffrey},
  journal={nature},
  volume={521},
  number={7553},
  pages={436--444},
  year={2015},
  publisher={Nature Publishing Group}
}

@article{19,
  title={Construction and validation of the EEG analogues of the Karolinska sleepiness scale based on the Karolinska drowsiness test},
  author={Putilov, Arcady A and Donskaya, Olga G},
  journal={Clinical Neurophysiology},
  volume={124},
  number={7},
  pages={1346--1352},
  year={2013},
  publisher={Elsevier}
}

@article{20,
author = {Rogalska, Anna and Rynkiewicz, Filip and Daszuta, Marcin and Guzek, Krzysztof and Napieralski, Piotr},
year = {2019},
month = {09},
pages = {512-518},
title = {Blinking Extraction in Eye gaze System for Stereoscopy Movies},
volume = {17},
journal = {Open Physics},
doi = {10.1515/phys-2019-0053}
}

@inproceedings{21,
  title={Driver Drowsiness Detection Using Eye Aspect Ratio (EAR), Mouth Aspect Ratio (MAR), and Driver Distraction Using Head Pose Estimation},
  author={Sri Mounika, TVNSR and Phanindra, PH and Sai Charan, NVVN and Kranthi Kumar Reddy, Y and Govindu, S},
  booktitle={ICT Systems and Sustainability: Proceedings of ICT4SD 2021, Volume 1},
  pages={619--627},
  year={2022},
  organization={Springer}
}


@article{23,
  title={Dlib-ml: A machine learning toolkit},
  author={King, Davis E},
  journal={The Journal of Machine Learning Research},
  volume={10},
  pages={1755--1758},
  year={2009},
  publisher={JMLR. org}
}

@article{24,
  title={Interpolation in time series: An introductive overview of existing methods, their performance criteria and uncertainty assessment},
  author={Lepot, Mathieu and Aubin, Jean-Baptiste and Clemens, Fran{\c{c}}ois HLR},
  journal={Water},
  volume={9},
  number={10},
  pages={796},
  year={2017},
  publisher={MDPI}
}

@inproceedings{25,
  title={Study the influence of normalization/transformation process on the accuracy of supervised classification},
  author={Raju, VN Ganapathi and Lakshmi, K Prasanna and Jain, Vinod Mahesh and Kalidindi, Archana and Padma, V},
  booktitle={2020 Third International Conference on Smart Systems and Inventive Technology (ICSSIT)},
  pages={729--735},
  year={2020},
  organization={IEEE}
}

@article{26,
  title={Rnn and lstm},
  author={Manaswi, Navin Kumar and Manaswi, Navin Kumar},
  journal={Deep Learning with Applications Using Python: Chatbots and Face, Object, and Speech Recognition With TensorFlow and Keras},
  pages={115--126},
  year={2018},
  publisher={Springer}
}

@article{27,
  title={Genetic algorithm-optimized long short-term memory network for stock market prediction},
  author={Chung, Hyejung and Shin, Kyung-shik},
  journal={Sustainability},
  volume={10},
  number={10},
  pages={3765},
  year={2018},
  publisher={MDPI}
}

@article{28,
  title={Support vector machine in structural reliability analysis: A review},
  author={Roy, Atin and Chakraborty, Subrata},
  journal={Reliability Engineering \& System Safety},
  pages={109126},
  year={2023},
  publisher={Elsevier}
}

@inproceedings{29,
  title={The ULg multimodality drowsiness database (called DROZY) and examples of use},
  author={Massoz, Quentin and Langohr, Thomas and Fran{\c{c}}ois, Cl{\'e}mentine and Verly, Jacques G},
  booktitle={2016 IEEE Winter Conference on Applications of Computer Vision (WACV)},
  pages={1--7},
  year={2016},
  organization={IEEE}
}

@article{Newton1687,
  author  = {I. {Newton}},
  journal = {Philosophi√¶ Naturalis Principia Mathematica},
  title   = {Axioms or Laws of Motion},
  year    = {1687}
}

@misc{SpaceXBlueprint,
  title   = {Space X Blueprint},
  year    = 2021,
  url     = {https://id.pinterest.com/pin/344032859037191430/},
  urldate = {2021-01-26}
}

